@article{vernize2015malicious,
  title={Malicious nodes identification for complex network based on local views},
  author={Vernize, Grazielle and Guedes, Andr{\'e} Luiz Pires and Albini, Luiz Carlos Pessoa},
  journal={The Computer Journal},
  volume={58},
  number={10},
  pages={2476--2491},
  year={2015},
  publisher={Br Computer Soc}
}

@article{wang2003complex,
  title={Complex networks: small-world, scale-free and beyond},
  author={Wang, Xiao Fan and Chen, Guanrong},
  journal={IEEE circuits and systems magazine},
  volume={3},
  number={1},
  pages={6--20},
  year={2003},
  publisher={IEEE}
}

@article{watts1998collective,
  title={Collective dynamics of ?small-world?networks},
  author={Watts, Duncan J and Strogatz, Steven H},
  journal={nature},
  volume={393},
  number={6684},
  pages={440--442},
  year={1998},
  publisher={Nature Publishing Group}
}

@inproceedings{leinmuller2005influence,
  title={Influence of falsified position data on geographic ad-hoc routing},
  author={Leinm{\"u}ller, Tim and Schoch, Elmar and Kargl, Frank and Maih{\"o}fer, Christian},
  booktitle={European Workshop on Security in Ad-hoc and Sensor Networks},
  pages={102--112},
  year={2005},
  organization={Springer}
}

@inproceedings{dotzer2005vars,
  title={Vars: A vehicle ad-hoc network reputation system},
  author={Dotzer, Florian and Fischer, Lars and Magiera, Przemyslaw},
  booktitle={Sixth IEEE International Symposium on a World of Wireless Mobile and Multimedia Networks},
  pages={454--456},
  year={2005},
  organization={IEEE}
}