@Book{knuth:84,
  author = 	 {Donald E. Knuth},
  title = 	 {The {\TeX} Book},
  publisher = 	 {Addison-Wesley},
  year = 	 {1984},
  edition = 	 {15th}
}

@InCollection{boulic:91,
  author = 	 {R. Boulic and O. Renault},
  title = 	 {3D Hierarchies for Animation},
  booktitle = 	 {New Trends in Animation and Visualization},
  publisher =    {John Wiley {\&} Sons ltd.},
  year = 	 {1991},
  editor = 	 {Nadia Magnenat-Thalmann and Daniel Thalmann}
}

@InCollection{smith:99,
  author = 	 {A. Smith and B. Jones},
  title = 	 {On the Complexity of Computing},
  booktitle = 	 {Advances in Computer Science},
  pages = 	 {555--566},
  publisher =    {Publishing Press},
  year = 	 {1999},
  editor = 	 {A. B. Smith-Jones}
}

@inproceedings{ekman2008working,
  title={Working day movement model},
  author={Ekman, Frans and Ker{\"a}nen, Ari and Karvo, Jouni and Ott, J{\"o}rg},
  booktitle={Proceedings of the 1st ACM SIGMOBILE workshop on Mobility models},
  pages={33--40},
  year={2008},
  organization={ACM}
}

@article{vernize2015malicious,
  title={Malicious nodes identification for complex network based on local views},
  author={Vernize, Grazielle and Guedes, Andr{\'e} Luiz Pires and Albini, Luiz Carlos Pessoa},
  journal={The Computer Journal},
  volume={58},
  number={10},
  pages={2476--2491},
  year={2015},
  publisher={Br Computer Soc}
}

@inproceedings{dotzer2005vars,
  title={Vars: A vehicle ad-hoc network reputation system},
  author={Dotzer, Florian and Fischer, Lars and Magiera, Przemyslaw},
  booktitle={Sixth IEEE International Symposium on a World of Wireless Mobile and Multimedia Networks},
  pages={454--456},
  year={2005},
  organization={IEEE}
}

@article{minhas2010towards,
  title={Towards expanded trust management for agents in vehicular ad-hoc networks},
  author={Minhas, Umar Farooq and Zhang, Jie and Tran, Thomas and Cohen, Robin},
  journal={International Journal of Computational Intelligence: Theory and Practice (IJCITP)},
  volume={5},
  number={1},
  pages={03--15},
  year={2010}
}

@inproceedings{chen2010trust,
  title={A trust modeling framework for message propagation and evaluation in VANETs},
  author={Chen, Chen and Zhang, Jie and Cohen, Robin and Ho, Pin-Han},
  booktitle={Information Technology Convergence and Services (ITCS), 2010 2nd International Conference on},
  pages={1--8},
  year={2010},
  organization={IEEE}
}

@inproceedings{park2011long,
  title={Long-term reputation system for vehicular networking based on vehicle's daily commute routine},
  author={Park, Soyoung and Aslam, Baber and Zou, Cliff C},
  booktitle={Consumer Communications and Networking Conference (CCNC), 2011 IEEE},
  pages={436--441},
  year={2011},
  organization={IEEE}
}

@article{huang2014social,
  title={A social network approach to trust management in VANETs},
  author={Huang, Zhen and Ruj, Sushmita and Cavenaghi, Marcos A and Stojmenovic, Milos and Nayak, Amiya},
  journal={Peer-to-Peer Networking and Applications},
  volume={7},
  number={3},
  pages={229--242},
  year={2014},
  publisher={Springer}
}

@inproceedings{cunha2014possible,
  title={Is it possible to find social properties in vehicular networks?},
  author={Cunha, Felipe D and Vianna, Aline Carneiro and Mini, Raquel AF and Loureiro, Antonio AF},
  booktitle={Computers and Communication (ISCC), 2014 IEEE Symposium on},
  pages={1--6},
  year={2014},
  organization={IEEE}
}